@book{adamson2016,
  title={Philosophy in the Islamic world: A history of philosophy without any gaps, Volume 3},
  author={Adamson, Peter},
  year={2016},
  publisher={Oxford University Press}
}

@book{ames2001,
  title={Focusing the familiar: A translation and philosophical interpretation of the Zhongyong},
  author={Ames, Roger T and Hall, David L},
  year={2001},
  publisher={University of Hawai'i Press}
}

@book{aristotle1984,
  title={De Anima},
  author={Aristotle},
  editor={Barnes, Jonathan},
  translator={Smith, J A},
  year={1984},
  publisher={Princeton University Press},
  note={Original work ca. 350 BCE}
}

@inproceedings{assran2023,
  title={Self-supervised learning from images with a joint-embedding predictive architecture},
  author={Assran, M and Duval, Q and Misra, I and Bojanowski, P and Vincent, P and Rabbat, M and LeCun, Y and Ballas, N},
  booktitle={Proceedings of the IEEE/CVF Conference on Computer Vision and Pattern Recognition (CVPR)},
  pages={15619--15629},
  year={2023}
}

@book{baars1997,
  title={In the theater of consciousness: The workspace of the mind},
  author={Baars, Bernard J},
  year={1997},
  publisher={Oxford University Press}
}

@article{bardes2024,
  title={Revisiting feature prediction for learning visual representations from video (V-JEPA)},
  author={Bardes, A and Garrido, Q and Ponce, J and Chen, X and Rabbat, M and LeCun, Y and Assran, M and Ballas, N},
  journal={arXiv preprint arXiv:2404.08471},
  year={2024}
}

@article{bengio2017,
  title={The consciousness prior},
  author={Bengio, Yoshua},
  journal={arXiv preprint arXiv:1709.08568},
  year={2017}
}

@article{block1995,
  title={On a confusion about a function of consciousness},
  author={Block, Ned},
  journal={Behavioral and Brain Sciences},
  volume={18},
  number={2},
  pages={227--247},
  year={1995}
}

@article{burnyeat1990,
  title={The Theaetetus of Plato},
  author={Burnyeat, Myles F},
  year={1990},
  publisher={Hackett}
}

@article{butlin2023,
  title={Consciousness in artificial intelligence: Insights from the science of consciousness},
  author={Butlin, P and Long, R and Elmoznino, E and Bengio, Y and Birch, J and Constant, A and Deane, G and Fleming, S M and Frith, C and Ji, X and Kanai, R and Klein, C and Lindsay, G and Michel, M and Mudrik, L and Peters, M A K and Schwitzgebel, E and Simon, J and VanRullen, R},
  journal={arXiv preprint arXiv:2308.08708},
  year={2023}
}

@article{chalmers1995,
  title={Facing up to the problem of consciousness},
  author={Chalmers, David J},
  journal={Journal of Consciousness Studies},
  volume={2},
  number={3},
  pages={200--219},
  year={1995}
}

@book{chalmers1996,
  title={The conscious mind: In search of a fundamental theory},
  author={Chalmers, David J},
  year={1996},
  publisher={Oxford University Press}
}

@book{chalmers2010,
  title={The character of consciousness},
  author={Chalmers, David J},
  year={2010},
  publisher={Oxford University Press}
}

@article{clark2013,
  title={Whatever next? Predictive brains, situated agents, and the future of cognitive science},
  author={Clark, Andy},
  journal={Behavioral and Brain Sciences},
  volume={36},
  number={3},
  pages={181--204},
  year={2013}
}

@book{cottingham1986,
  title={Descartes},
  author={Cottingham, John},
  year={1986},
  publisher={Blackwell}
}

@book{dehaene2014,
  title={Consciousness and the brain: Deciphering how the brain codes our thoughts},
  author={Dehaene, Stanislas},
  year={2014},
  publisher={Viking}
}

@book{dennett1991,
  title={Consciousness explained},
  author={Dennett, Daniel C},
  year={1991},
  publisher={Little, Brown}
}

@book{dretske1995,
  title={Naturalizing the mind},
  author={Dretske, Fred},
  year={1995},
  publisher={MIT Press}
}

@article{frankish2016,
  title={Illusionism as a theory of consciousness},
  author={Frankish, Keith},
  journal={Journal of Consciousness Studies},
  volume={23},
  number={11--12},
  pages={11--39},
  year={2016}
}

@book{frankfurt1970,
  title={Demons, dreamers, and madmen: The defense of reason in Descartes' Meditations},
  author={Frankfurt, Harry G},
  year={1970},
  publisher={Bobbs-Merrill}
}

@article{friston2018,
  title={Does predictive coding have a future?},
  author={Friston, Karl},
  journal={Nature Neuroscience},
  volume={21},
  number={8},
  pages={1019--1021},
  year={2018}
}

@book{garfield2015,
  title={Engaging Buddhism: Why mindfulness is just the beginning},
  author={Garfield, Jay L},
  year={2015},
  publisher={Oxford University Press}
}

@book{goff2017,
  title={Consciousness and fundamental reality},
  author={Goff, Philip},
  year={2017},
  publisher={Oxford University Press}
}

@book{hansen1992,
  title={A Daoist theory of Chinese thought: A philosophical interpretation},
  author={Hansen, Chad},
  year={1992},
  publisher={Oxford University Press}
}

@book{hardin1997,
  title={Color categories in thought and language},
  editor={Hardin, C L and Maffi, L},
  year={1997},
  publisher={Cambridge University Press}
}

@article{henrich2010,
  title={The weirdest people in the world?},
  author={Henrich, Joseph and Heine, Steven J and Norenzayan, Ara},
  journal={Behavioral and Brain Sciences},
  volume={33},
  number={2--3},
  pages={61--135},
  year={2010}
}

@book{husserl1983,
  title={Ideas pertaining to a pure phenomenology and to a phenomenological philosophy},
  author={Husserl, Edmund},
  translator={Kersten, F},
  year={1983},
  publisher={Martinus Nijhoff},
  note={Original work 1913}
}

@article{jackson1982,
  title={Epiphenomenal qualia},
  author={Jackson, Frank},
  journal={The Philosophical Quarterly},
  volume={32},
  number={127},
  pages={127--136},
  year={1982}
}

@article{james1904,
  title={Does consciousness exist?},
  author={James, William},
  journal={Journal of Philosophy, Psychology and Scientific Methods},
  volume={1},
  number={18},
  pages={477--491},
  year={1904}
}

@book{johansen1997,
  title={Aristotle on the sense-organs},
  author={Johansen, Thomas Kjeller},
  year={1997},
  publisher={Cambridge University Press}
}

@article{koch2015,
  title={Consciousness: Here, there and everywhere?},
  author={Koch, Christof and Tononi, Giulio},
  journal={Philosophical Transactions of the Royal Society B},
  volume={370},
  number={1668},
  pages={20140167},
  year={2015}
}

@book{kriegel2009,
  title={Subjective consciousness: A self-representational theory},
  author={Kriegel, Uriah},
  year={2009},
  publisher={Oxford University Press}
}

@article{lake2017,
  title={Building machines that learn and think like people},
  author={Lake, Brenden M and Ullman, Tomer D and Tenenbaum, Joshua B and Gershman, Samuel J},
  journal={Behavioral and Brain Sciences},
  volume={40},
  pages={e253},
  year={2017}
}

@article{lau2011,
  title={Empirical support for higher-order theories of conscious awareness},
  author={Lau, Hakwan and Rosenthal, David},
  journal={Trends in Cognitive Sciences},
  volume={15},
  number={8},
  pages={365--373},
  year={2011}
}

@article{lecun2022,
  title={A path towards autonomous machine intelligence (Version 0.9.2)},
  author={LeCun, Yann},
  journal={OpenReview},
  year={2022}
}

@book{levine2001,
  title={Purple haze: The puzzle of consciousness},
  author={Levine, Joseph},
  year={2001},
  publisher={Oxford University Press}
}

@article{lewis1990,
  title={What experience teaches},
  author={Lewis, David},
  journal={Proceedings of the Russellian Society},
  year={1990}
}

@article{lindahl2017,
  title={The varieties of contemplative experience: A mixed-methods study of meditation-related challenges in Western Buddhists},
  author={Lindahl, Jared R and Fisher, Nathan E and Cooper, David J and Rosen, Rochelle K and Britton, Willoughby B},
  journal={PLOS ONE},
  volume={12},
  number={5},
  pages={e0176239},
  year={2017}
}

@book{locke1975,
  title={An essay concerning human understanding},
  author={Locke, John},
  editor={Nidditch, Peter H},
  year={1975},
  publisher={Oxford University Press},
  note={Original work 1690}
}

@article{loar1990,
  title={Phenomenal states},
  author={Loar, Brian},
  journal={Philosophical Perspectives},
  volume={4},
  pages={81--108},
  year={1990}
}

@book{lusthaus2002,
  title={Buddhist phenomenology: A philosophical investigation of Yog캐c캐ra Buddhism and the Ch'eng Wei-shih lun},
  author={Lusthaus, Dan},
  year={2002},
  publisher={RoutledgeCurzon}
}

@article{lutz2007,
  title={Meditation and the neuroscience of consciousness},
  author={Lutz, Antoine and Dunne, John D and Davidson, Richard J},
  journal={The Cambridge handbook of consciousness},
  pages={499--554},
  year={2007},
  publisher={Cambridge University Press}
}

@article{machery2015,
  title={If folk intuitions vary, then what?},
  author={Machery, Edouard and Mallon, Ron and Nichols, Shaun and Stich, Stephen},
  journal={Philosophical Issues},
  volume={25},
  number={1},
  pages={294--321},
  year={2015}
}

@article{majid2018,
  title={Differential coding of perception in the world's languages},
  author={Majid, Asifa and Roberts, Se치n G and Cilissen, Ludy and Emmorey, Karen and Nicodemus, Brenda and O'Grady, Lucinda and Woll, Bencie and LeLan, Barbara and de Sousa, Hil치rio and Cansler, Brian L and others},
  journal={Philosophical Transactions of the Royal Society B},
  volume={373},
  number={1752},
  pages={20170137},
  year={2018}
}

@book{matilal1986,
  title={Perception: An essay on classical Indian theories of knowledge},
  author={Matilal, Bimal Krishna},
  year={1986},
  publisher={Oxford University Press}
}

@book{maturana1991,
  title={Autopoiesis and cognition: The realization of the living},
  author={Maturana, Humberto R and Varela, Francisco J},
  year={1991},
  publisher={Springer}
}

@article{nagel1974,
  title={What is it like to be a bat?},
  author={Nagel, Thomas},
  journal={The Philosophical Review},
  volume={83},
  number={4},
  pages={435--450},
  year={1974}
}

@article{nemirow1980,
  title={Physicalism and the cognitive role of acquaintance},
  author={Nemirow, Laurence},
  journal={Readings in the philosophy of psychology},
  volume={1},
  pages={490--499},
  year={1980},
  publisher={Harvard University Press}
}

@book{papineau2002,
  title={Thinking about consciousness},
  author={Papineau, David},
  year={2002},
  publisher={Oxford University Press}
}

@book{phillips1995,
  title={Classical Indian metaphysics: Refutations of realism and the emergence of new logic},
  author={Phillips, Stephen H},
  year={1995},
  publisher={Open Court}
}

@article{roberson2005,
  title={Color categories: Evidence for the cultural relativity hypothesis},
  author={Roberson, Debi and Davidoff, Jules and Davies, Ian R L and Shapiro, Laura R},
  journal={Cognition},
  volume={97},
  number={2},
  pages={197--222},
  year={2005}
}

@book{rosenthal2005,
  title={Consciousness and mind},
  author={Rosenthal, David},
  year={2005},
  publisher={Oxford University Press}
}

@book{ryle1949,
  title={The concept of mind},
  author={Ryle, Gilbert},
  year={1949},
  publisher={Hutchinson}
}

@book{sellars1997,
  title={Empiricism and the philosophy of mind},
  author={Sellars, Wilfrid},
  journal={Science, perception and reality},
  pages={127--196},
  year={1997},
  publisher={Ridgeview},
  note={Original work 1956}
}

@book{sorabji1974,
  title={Aristotle on the common sense},
  author={Sorabji, Richard},
  year={1974},
  publisher={Duckworth}
}

@book{stich2003,
  title={Mindreading: An integrated account of pretence, self-awareness, and understanding other minds},
  author={Stich, Stephen and Nichols, Shaun},
  year={2003},
  publisher={Oxford University Press}
}

@article{strawson2008,
  title={Realistic monism: Why physicalism entails panpsychism},
  author={Strawson, Galen},
  journal={Journal of Consciousness Studies},
  volume={13},
  number={10--11},
  pages={3--31},
  year={2008}
}

@book{thompson2007,
  title={Mind in life: Biology, phenomenology, and the sciences of mind},
  author={Thompson, Evan},
  year={2007},
  publisher={Harvard University Press}
}

@article{tononi2008,
  title={Consciousness as integrated information},
  author={Tononi, Giulio},
  journal={Biological Bulletin},
  volume={215},
  number={3},
  pages={216--242},
  year={2008}
}

@book{tye1995,
  title={Ten problems of consciousness: A representational theory of the phenomenal mind},
  author={Tye, Michael},
  year={1995},
  publisher={MIT Press}
}

@article{weinberg2001,
  title={Normativity and epistemic intuitions},
  author={Weinberg, Jonathan M and Nichols, Shaun and Stich, Stephen},
  journal={Philosophical Topics},
  volume={29},
  number={1--2},
  pages={429--460},
  year={2001}
}

@article{winawer2007,
  title={Russian blues reveal effects of language on color discrimination},
  author={Winawer, Jonathan and Witthoft, Nathan and Frank, Michael C and Wu, Lisa and Wade, Alex R and Boroditsky, Lera},
  journal={Proceedings of the National Academy of Sciences},
  volume={104},
  number={19},
  pages={7780--7785},
  year={2007}
} 